•	Shamanth Kumar, Huan Liu, Fred Morstatter, , “Twitter Data Analytics”, Morgan & Claypool Publishers, Springer, 2014;
•	Subhabrata Mukherjee, Akshat Malu, Balamurali A.R., Pushpak Bhattacharyya (2013) TwiSent: A Multistage System for Analyzing Sentiment in Twitter. In Proceedings of the 21st ACM international conference on Information and knowledge management. pp. 2531-2534
•	Akshi Kumar, Teeja Mary Sebastian, "Sentiment Analysis on Twitter", IJCSI International Journal of Computer Science Issues, (1694-0814), Vol. 9, Issue 4, No 3, July 2012;
•	Bing Liu, Sentiment analysis and opinion mining, Synthesis Lectures on Human Language Technologies 5 (2012), no. 1, 1-167;
•	Lei Zhang, Riddhiman Ghosh, Mohamed Dekhil, Meichun Hsu, Bing Liu, "Combining Lexicon-based and Learning-based Methods for Twitter Sentiment Analysis", Copyright 2011 Hewlett-Packard Development Company, L.P.
•	Umang Gupta, Radhakrishnan Srikanth, Ankush Chatterjee, Puneet Agrawal (2018) A Sentiment-and-Semantics-Based Approach for Emotion Detection in Textual Conversations. Computing Research Repository, arXiv:1707.06996. Version 4.
•	A.Pak and P. Paroubek. „Twitter as a Corpus for Sentiment Analysis and Opinion Mining". In Proceedings of the Seventh Conference on International Language Resources and Evaluation, 2010, pp.1320-1326
•	R. Parikh and M. Movassate, “Sentiment Analysis of User- Generated Twitter Updates using Various Classification Techniques", CS224N Final Report, 2009
•	Go, R. Bhayani, L. Huang. “Twitter Sentiment Classification Using Distant Supervision". Stanford University, Technical Paper, 2009
•	L. Barbosa, J. Feng. “Robust Sentiment Detection on Twitter from Biased and Noisy Data". COLING 2010: Poster Volume, pp. 36-44.
•	Zhunchen Luo, Miles Osborne, Ting Wang, An effective approach to tweets opinion retrieval", Springer Journal on World Wide Web, Dec 2013, DOI: 10.1007/s11280-013-0268-7.

@article{
	author = {Tomas Mikolov, Kai Chen, Greg Corrado, and Jeffrey Dean},
	title = {Efficient estimation of word representations in vector space}
	year = "2013",
	journal = {ICLR Workshop}
}

@article{study:17,
	author = {Marwa Naili, Anja Habacha Chaibi, Henda Hajjami Ben Ghezala},
	title = {Comparative study of word embedding methods in topic segmentation}
	year = "2017",
	journal = {International Conference on Knowledge Based and Intelligent Information and Engineering Systems}
}

@book{Aho:72,
    author  = {Alfred V. Aho and Jeffrey D. Ullman},
    title   = {The Theory of Parsing, Translation and Compiling},
    year    = "1972",
    volume  = "1",
    publisher = {Prentice-Hall},
    address = {Englewood Cliffs, NJ}
}

@book{APA:83,
    author  = {{American Psychological Association}},
    title   = {Publications Manual},
    year    = "1983",
   publisher = {American Psychological Association},
   address = {Washington, DC}
}

@article{ACM:83,
	author = {Association for Computing Machinery},
	year = "1983",
	journal = {Computing Reviews},
	volume = "24",
	number = "11",
	pages = "503--512"
}

@article{Chandra:81,
	author = {Ashok K. Chandra and Dexter C. Kozen and Larry J. Stockmeyer},
	year = "1981",
	title = {Alternation},
	journal = {Journal of the Association for Computing Machinery},
	volume = "28",
	number = "1",
	pages = "114--133",
	doi = "10.1145/322234.322243",
}

@inproceedings{andrew2007scalable,
  title={Scalable training of {L1}-regularized log-linear models},
  author={Andrew, Galen and Gao, Jianfeng},
  booktitle={Proceedings of the 24th International Conference on Machine Learning},
  pages={33--40},
  year={2007},
}

@book{Gusfield:97,
    author  = {Dan Gusfield},
    title   = {Algorithms on Strings, Trees and Sequences},
    year    = "1997",
    publisher = {Cambridge University Press},
    address = {Cambridge, UK}
}

@inproceedings{borsch2011,
	Address = {Canberra, Australia},
	Author = {Benjamin Borschinger and Mark Johnson},
	Booktitle = {Proceedings of the Australasian Language Technology Association Workshop 2011},
	Month = {December},
	Pages = {10--18},
	Title = {A Particle Filter algorithm for {B}ayesian Wordsegmentation},
	Year = {2011}}

@article{rasooli-tetrault-2015,
    author    = {Mohammad Sadegh Rasooli and Joel R. Tetreault},
    title     = {Yara Parser: {A} Fast and Accurate Dependency Parser},
    journal   = {Computing Research Repository},
    volume    = {arXiv:1503.06733},
    year      = {2015},
    url       = {http://arxiv.org/abs/1503.06733},
    note    = {version 2}
}

@article{Ando2005,
	Acmid = {1194905},
	Author = {Ando, Rie Kubota and Zhang, Tong},
	Issn = {1532-4435},
	Issue_Date = {12/1/2005},
	Journal = {Journal of Machine Learning Research},
	Month = dec,
	Numpages = {37},
	Pages = {1817--1853},
	Publisher = {JMLR.org},
	Title = {A Framework for Learning Predictive Structures from Multiple Tasks and Unlabeled Data},
	Volume = {6},
	Year = {2005}}

@InProceedings{P16-1001,
  author =	"Goodman, James
  	 and Vlachos, Andreas
	     and Naradowsky, Jason",
  title =    "Noise reduction and targeted exploration in imitation learning for      Abstract Meaning Representation parsing    ",
  booktitle = 	    "Proceedings of the 54th Annual Meeting of the Association for      Computational Linguistics (Volume 1: Long Papers)    ",
  year =    "2016",
  publisher =	"Association for Computational Linguistics",
  pages =   "1--11",
  location =	"Berlin, Germany",
  doi =    "10.18653/v1/P16-1001",
  url =    "http://aclweb.org/anthology/P16-1001"
}

@InProceedings{C14-1001,
  author =	"Harper, Mary",
  title = 	"Learning from 26 Languages: Program Management and Science in the Babel Program",
  booktitle = 	"Proceedings of COLING 2014, the 25th International Conference on Computational Linguistics: Technical Papers",
  year =    "2014",
  publisher =	"Dublin City University and Association for Computational Linguistics",
  pages =   "1",
  location =	"Dublin, Ireland",
  url =    "http://aclweb.org/anthology/C14-1001"
}
