@ introduction

@article{ Gupta2017ASA,
  title={A Sentiment-and-Semantics-Based Approach for Emotion Detection in Textual Conversations},
  author={Umang Gupta and Ankush Chatterjee and Radhakrishnan Srikanth and Puneet Agrawal},
  journal={CoRR},
  year={2017},
  volume={abs/1707.06996}
}

@book{Liu12,
    author  = {Bing Liu},
    title   = {Sentiment Analysis and Opinion Mining},
    year    = "2012",
    publisher = {Morgan & Claypool Publishers}
}

@Inbook{Zhang2017,
author="Zhang, Lei
and Liu, Bing",
editor="Sammut, Claude
and Webb, Geoffrey I.",
title="Sentiment Analysis and Opinion Mining",
bookTitle="Encyclopedia of Machine Learning and Data Mining",
year="2017",
publisher="Springer US",
address="Boston, MA",
pages="1152--1161",
abstract="With the rapid growth of social media, sentiment analysis, also called opinion mining, has become one of the most active research areas in natural language processing. Its application is also widespread, from business services to political campaigns. This article gives an introduction to this important area and presents some recent developments.",
isbn="978-1-4899-7687-1",
doi="10.1007/978-1-4899-7687-1_907",
url="https://doi.org/10.1007/978-1-4899-7687-1_907"
}

@article{kumar12,
  title={Sentiment Analysis on Twitter },
  author={Akshi Kumar and Teeja Mary Sebastian},
  journal={IJCSI International Journal of Computer Science Issues},
  year={2012},
  volume={9}
}

@article{kumar14,
  title={Methodological Study of Opinion Minng and Sentiment Analysis Techniques},
  author={Pravesh Kumar Singh and Mohd Shahid Husain},
  journal={IJSC International Journal of Soft Computing},
  year={2014},
  volume={5}
}

@article{Mukherjee2013,
author = {Mukherjee, Subhabrata and Bhattacharyya, Pushpak},
year = {2013},
month = {04},
pages = {},
title = {Sentiment Analysis : A Literature Survey}
}

@inbook{Luo2013,
author = {Luo, Tiejian and Chen, Su and Xu, Guandong and Zhou, Jia},
year = {2013},
month = {06},
pages = {53-68},
title = {Sentiment Analysis},
isbn = {978-1-4614-7201-8},
doi = {10.1007/978-1-4614-7202-5_4}
}

@inproceedings{barbosa2010,
author = {Barbosa, Luciano and Feng, Junlan},
year = {2010},
month = {01},
pages = {36-44},
title = {Robust Sentiment Detection on Twitter from Biased and Noisy Data},
volume = {2},
journal = {Coling 2010 - 23rd International Conference on Computational Linguistics, Proceedings of the Conference}
}

@article{Go_Bhayani_Huang_2009,
  added-at = {2011-11-16T13:47:43.000+0100},
  author = {Go, Alec and Bhayani, Richa and Huang, Lei},
  biburl = {https://www.bibsonomy.org/bibtex/27b69035cfbcccab96a665f33678c49bd/coca.alina},
  interhash = {2dc1e21bf5b3ebf7259154d92ec31146},
  intrahash = {7b69035cfbcccab96a665f33678c49bd},
  journal = {Processing},
  keywords = {2011 analysis semantic seminar talk twitter winter},
  pages = {1--6},
  timestamp = {2011-11-21T19:52:38.000+0100},
  title = {Twitter Sentiment Classification using Distant Supervision},
  url = {http://www.stanford.edu/~alecmgo/papers/TwitterDistantSupervision09.pdf},
  year = 2009
}

@article{Parikh,
author = {Parikh, Ravi and Movassate, Matin},
year = {2009},
month = {01},
pages = {},
title = {Sentiment Analysis of User-Generated Twitter Updates using Various Classication Techniques}
}

@inproceedings{Pak2010TwitterAA,
  title={Twitter as a Corpus for Sentiment Analysis and Opinion Mining},
  author={Alexander Pak and Patrick Paroubek},
  booktitle={LREC},
  year={2010}
}

@ for embeddings part:
@article{mikolov:13,
	author = {Tomas Mikolov and Kai Chen and Greg Corrado and Jeffrey Dean},
	title = {Efficient estimation of word representations in vector space},
	year = "2013",
	journal = {ICLR Workshop}
}

@article{study:17,
	author = {Marwa Naili and Anja Habacha Chaibi and Henda Hajjami Ben Ghezala},
	title = {Comparative study of word embedding methods in topic segmentation},
	year = "2017",
	journal = {International Conference on Knowledge Based and Intelligent Information and Engineering Systems}
}

@InProceedings{SemEval2019Task3, author = {Chatterjee, Ankush and Narahari, Kedhar Nath and Joshi, Meghana and Agrawal, Puneet}, title = {SemEval-2019 Task 3: EmoContext: Contextual Emotion Detection in Text}, booktitle = {Proceedings of The 13th International Workshop on Semantic Evaluation (SemEval-2019)}, address = { Minneapolis, Minnesota}, year = {2019} }

@article{ Rotari2017,
  title={Wild Devs’ at SemEval-2017 Task 2: Using Neural Networks to
Discover Word Similarity},
  author={Razvan-Gabriel Rotari and Ionut Hulub and Stefan Oprea and Mihaela Plamadă-Onofrei and Alina Beatrice Lorent and Raluca Preisler and Adrian Iftene and Diana Trandabat},
  journal={SemEval@ACL 2017},
  year={2017},
  pages={267-270}
}

@article{ Flescan2017,
  title={#WarTeam at SemEval-2017 Task 6: Using Neural Networks for Discovering Humorous Tweets},
  author={Iuliana Alexandra Flescan-Lovin-Arseni and Ramona Andreea Turcu and Cristina Sirbu and Larisa Alexa and Sandra Maria Amarandei and Nichita Herciu and Constantin Scutaru and Diana Trandabat and Adrian Iftene},
  journal={SemEval@ACL 2017},
  year={2017},
  pages={407-410}
}
